<record><leader>00000cas a22000007a 4500</leader><controlfield tag="001">19771559</controlfield><controlfield tag="008">890526d18971899couwr ne      0    0eng d</controlfield><datafield ind1=" " ind2=" " tag="010"><subfield code="a">sn 89052175 </subfield></datafield><datafield ind1=" " ind2=" " tag="040"><subfield code="a">CNQ</subfield><subfield code="b">eng</subfield><subfield code="c">CNQ</subfield><subfield code="d">OCLCQ</subfield></datafield><datafield ind1=" " ind2=" " tag="042"><subfield code="a">msc</subfield></datafield><datafield ind1="0" ind2="4" tag="245"><subfield code="a">The Victor weekly record.</subfield></datafield><datafield ind1=" " ind2=" " tag="260"><subfield code="a">[Victor, Colo.] :</subfield><subfield code="b">Record Print. and Pub. Co.</subfield></datafield><datafield ind1=" " ind2=" " tag="300"><subfield code="a">v.</subfield></datafield><datafield ind1=" " ind2=" " tag="310"><subfield code="a">Weekly</subfield></datafield><datafield ind1="1" ind2=" " tag="362"><subfield code="a">Began in 1897?</subfield></datafield><datafield ind1="0" ind2=" " tag="362"><subfield code="a">-v. 4, no. 51 (Sept. 28, 1899).</subfield></datafield><datafield ind1=" " ind2=" " tag="530"><subfield code="a">Available on microfilm from the Colorado Historical Society.</subfield></datafield><datafield ind1=" " ind2=" " tag="588"><subfield code="a">Description based on: [vol. 3, no. 21] (Jan. 5, 1899).</subfield></datafield><datafield ind1=" " ind2=" " tag="752"><subfield code="a">United States</subfield><subfield code="b">Colorado</subfield><subfield code="c">Teller</subfield><subfield code="d">Victor.</subfield></datafield><datafield ind1="0" ind2=" " tag="775"><subfield code="t">Victor daily record</subfield><subfield code="w">(DLC)sn 86063364</subfield></datafield><datafield ind1="0" ind2="0" tag="785"><subfield code="t">Victor record (Victor, Colo. : 1899)</subfield><subfield code="w">(DLC)sn 89052176</subfield></datafield><datafield ind1="1" ind2=" " tag="029"><subfield code="a">AU@</subfield><subfield code="b">000025899519</subfield></datafield></record>